@article{Example,
  title={titulo},
  author={autor},
  journal={jornal},
  year={a\~no}
}